@misc{CH03inv,
      title={Invariants of Legendrian knots}, 
      author={Yuri Chekanov},
      year={2003},
      eprint={math/0304294},
      archivePrefix={arXiv},
      primaryClass={math.GT}
}
@misc{EN23lch,
      title={Legendrian contact homology in $\mathbb{R}^3$}, 
      author={John B. Etnyre and Lenhard L. Ng},
      year={2023},
      eprint={1811.10966},
      archivePrefix={arXiv},
      primaryClass={math.SG}
}
@article{ZC04pers, 
         title={Computing persistent homology}, 
         volume={33}, 
         DOI={10.1007/s00454-004-1146-y}, 
         number={2}, 
         journal={Discrete \&amp;amp; Computational Geometry}, 
         author={Afra Zomorodian and Gunnar Carlsson}, 
         year={2004}, 
         pages={249â€“274}
} 